
    <record>
        <leader>00000nz  a2200169   4500</leader>
        <controlfield tag="001">30080131</controlfield>
        <controlfield tag="003">RISM</controlfield>
        <controlfield tag="005">20160216</controlfield>
        <controlfield tag="008">160216n||az|||||||##########||||||||||||</controlfield>
        <datafield tag="040" ind1=" " ind2=" ">
            <subfield code="a">ZA-STusa</subfield>
        </datafield>
        <datafield tag="043" ind1=" " ind2=" ">
            <subfield code="c">ZA</subfield>
        </datafield>
        <datafield tag="110" ind1="2" ind2=" ">
            <subfield code="a">Die Universiteit Stellenbosch Argief</subfield>
            <subfield code="c">Stellenbosch</subfield>
            <subfield code="g">ZA-STusa</subfield>
        </datafield>
        <datafield tag="410" ind1="2" ind2=" ">
            <subfield code="a">The Stellenbosch University Archives</subfield>
        </datafield>
        <datafield tag="622" ind1=" " ind2=" ">
            <subfield code="e">Die Universiteit Stellenbosch Argief, Wilcocksgebou, Hoek v. Ryneveld en,  Victoria Straat, Privaatsak X1, 7602 Stellenbosch, South Africa</subfield>
            <subfield code="u">http://www.sun.ac.za/afrikaans/entities/archives/Pages/default.aspx</subfield>
        </datafield>
    </record>