
    <record>
        <leader>00000nz  a2200169   4500</leader>
        <controlfield tag="001">30080130</controlfield>
        <controlfield tag="003">RISM</controlfield>
        <controlfield tag="005">20160216</controlfield>
        <controlfield tag="008">160216n||az|||||||##########||||||||||||</controlfield>
        <datafield tag="040" ind1=" " ind2=" ">
            <subfield code="a">ZA-STusdm</subfield>
        </datafield>
        <datafield tag="043" ind1=" " ind2=" ">
            <subfield code="c">ZA</subfield>
        </datafield>
        <datafield tag="110" ind1="2" ind2=" ">
            <subfield code="a">Universiteit van Stellenbosch, Dokumentasiesentrum vir Musiek</subfield>
            <subfield code="c">Stellenbosch</subfield>
            <subfield code="g">ZA-STusdm</subfield>
        </datafield>
        <datafield tag="410" ind1="2" ind2=" ">
            <subfield code="a">Stellenbosch University, Documentation Centre for Music</subfield>
        </datafield>
        <datafield tag="622" ind1=" " ind2=" ">
            <subfield code="e">Universiteit van Stellenbosch,,  Dokumentasiesentrum vir Musiek, Departement Musiek, Neethlingstraat, Privaatsak X1, 7602 Stellenbosch, South Africa</subfield>
            <subfield code="u">http://www.domus.ac.za/afrikaans/</subfield>
        </datafield>
    </record>