
    <record>
        <leader>00000nz  a2200169   4500</leader>
        <controlfield tag="001">30080129</controlfield>
        <controlfield tag="003">RISM</controlfield>
        <controlfield tag="005">20160216</controlfield>
        <controlfield tag="008">160216n||az|||||||##########||||||||||||</controlfield>
        <datafield tag="040" ind1=" " ind2=" ">
            <subfield code="a">ZA-STusmb</subfield>
        </datafield>
        <datafield tag="043" ind1=" " ind2=" ">
            <subfield code="c">ZA</subfield>
        </datafield>
        <datafield tag="110" ind1="2" ind2=" ">
            <subfield code="a">Universiteit van Stellenbosch, Musiek Biblioteek</subfield>
            <subfield code="c">Stellenbosch</subfield>
            <subfield code="g">ZA-STusmb</subfield>
        </datafield>
        <datafield tag="410" ind1="2" ind2=" ">
            <subfield code="a">Stellenbosch University, Music Library</subfield>
        </datafield>
        <datafield tag="622" ind1=" " ind2=" ">
            <subfield code="e">Universiteit van Stellenbosch, Musiek,  Biblioteek, Konservatorium, Neethlingstraat, Privaatsak X5036, 7599 Stellenbosch, South Africa</subfield>
            <subfield code="u">http://library.sun.ac.za/Afrikaans/libraries/music/about/Pages/default.aspx</subfield>
        </datafield>
    </record>