
    <record>
        <leader>00000nz  a2200169   4500</leader>
        <controlfield tag="001">30080132</controlfield>
        <controlfield tag="003">RISM</controlfield>
        <controlfield tag="005">20160216</controlfield>
        <controlfield tag="008">160216n||az|||||||##########||||||||||||</controlfield>
        <datafield tag="040" ind1=" " ind2=" ">
            <subfield code="a">ZA-STussv</subfield>
        </datafield>
        <datafield tag="043" ind1=" " ind2=" ">
            <subfield code="c">ZA</subfield>
        </datafield>
        <datafield tag="110" ind1="2" ind2=" ">
            <subfield code="a">Universiteit van Stellenbosch, Biblioteek: Spesiale Versamelings</subfield>
            <subfield code="c">Stellenbosch</subfield>
            <subfield code="g">ZA-STussv</subfield>
        </datafield>
        <datafield tag="410" ind1="2" ind2=" ">
            <subfield code="a">Stellenbosch University, Library: Special Collections</subfield>
        </datafield>
        <datafield tag="622" ind1=" " ind2=" ">
            <subfield code="e">Universiteit van Stellenbosch,,  Biblioteek: Spesiale Versamelings, JS Gericke Biblioteek, JS Marais Plein, Privaatsak X5036, 7599 Stellenbosch, South Africa</subfield>
            <subfield code="u">http://library.sun.ac.za/Afrikaans/libraries/jsg/Pages/default.aspx</subfield>
        </datafield>
    </record>
</collection>

